<record><leader>00000cas a22000007a 4500</leader><controlfield tag="001">15213563</controlfield><controlfield tag="008">870219d19371960wiudn ne      0    0eng d</controlfield><datafield ind1=" " ind2=" " tag="010"><subfield code="a">sn 87082091 </subfield></datafield><datafield ind1=" " ind2=" " tag="040"><subfield code="a">NPV</subfield><subfield code="b">eng</subfield><subfield code="c">NPV</subfield><subfield code="d">OCLCQ</subfield></datafield><datafield ind1=" " ind2=" " tag="042"><subfield code="a">msc</subfield></datafield><datafield ind1="0" ind2="0" tag="245"><subfield code="a">Portage daily register and democrat.</subfield></datafield><datafield ind1="3" ind2="0" tag="246"><subfield code="a">Portage daily register</subfield></datafield><datafield ind1=" " ind2=" " tag="260"><subfield code="a">Portage, Wis. :</subfield><subfield code="b">Wisconsin State Register Co.,</subfield><subfield code="c">1937-1960.</subfield></datafield><datafield ind1=" " ind2=" " tag="300"><subfield code="a">v.</subfield></datafield><datafield ind1=" " ind2=" " tag="310"><subfield code="a">Daily (except Sunday)</subfield></datafield><datafield ind1="0" ind2=" " tag="362"><subfield code="a">Sept. 3, 1937-Jan. 30, 1960.</subfield></datafield><datafield ind1=" " ind2=" " tag="580"><subfield code="a">Issued also in a weekly edition called: Wisconsin state register, 1921-1946.</subfield></datafield><datafield ind1=" " ind2=" " tag="752"><subfield code="a">United States</subfield><subfield code="b">Wisconsin</subfield><subfield code="c">Columbia</subfield><subfield code="d">Portage.</subfield></datafield><datafield ind1="1" ind2=" " tag="775"><subfield code="t">Wisconsin state register (Portage, Wis. 1921)</subfield><subfield code="w">(DLC)sn 85041341</subfield></datafield><datafield ind1="0" ind2="0" tag="780"><subfield code="t">Portage daily register-democrat</subfield><subfield code="w">(DLC)sn 87082090</subfield></datafield><datafield ind1="0" ind2="0" tag="785"><subfield code="t">Portage daily register (Portage, Wis. : 1960)</subfield><subfield code="w">(DLC)sn 87082092</subfield></datafield></record>